<record><leader>00000cas a22000007a 4500</leader><controlfield tag="001">35772354</controlfield><controlfield tag="008">961022d19111912ncuwr ne      0    0eng d</controlfield><datafield ind1=" " ind2=" " tag="010"><subfield code="a">sn 96086031 </subfield></datafield><datafield ind1=" " ind2=" " tag="040"><subfield code="a">NVJ</subfield><subfield code="b">eng</subfield><subfield code="c">NVJ</subfield><subfield code="d">OCLCQ</subfield></datafield><datafield ind1=" " ind2=" " tag="042"><subfield code="a">msc</subfield></datafield><datafield ind1="0" ind2=" " tag="130"><subfield code="a">Weekly citizen (Asheville, N.C. : 1911)</subfield></datafield><datafield ind1="1" ind2="4" tag="245"><subfield code="a">The weekly citizen.</subfield></datafield><datafield ind1=" " ind2=" " tag="260"><subfield code="a">Asheville, N.C. :</subfield><subfield code="b">Citizen Co.</subfield></datafield><datafield ind1=" " ind2=" " tag="300"><subfield code="a">v.</subfield></datafield><datafield ind1=" " ind2=" " tag="310"><subfield code="a">Weekly</subfield></datafield><datafield ind1="0" ind2=" " tag="362"><subfield code="a">Apr. 5, 1911-Mar. 27, 1912.</subfield></datafield><datafield ind1=" " ind2=" " tag="515"><subfield code="a">Issues have no vol. or no. designations.</subfield></datafield><datafield ind1=" " ind2=" " tag="580"><subfield code="a">Daily ed.: Asheville citizen (Asheville, N.C. : 1900).</subfield></datafield><datafield ind1=" " ind2=" " tag="752"><subfield code="a">United States</subfield><subfield code="b">North Carolina</subfield><subfield code="c">Buncombe</subfield><subfield code="d">Asheville.</subfield></datafield><datafield ind1="1" ind2=" " tag="775"><subfield code="t">Asheville citizen (Asheville, N.C. : 1900)</subfield><subfield code="w">(DLC)sn 91068077</subfield></datafield><datafield ind1="0" ind2="0" tag="780"><subfield code="t">Semi-weekly citizen (Asheville, N.C.)</subfield><subfield code="w">(DLC)sn 91068073</subfield></datafield><datafield ind1="0" ind2="0" tag="785"><subfield code="t">Asheville weekly citizen (Asheville, N.C. : 1912)</subfield><subfield code="w">(DLC)sn 96086032</subfield></datafield></record>